@misc{thousand,
	author = "Jukka Jyl{\"a}nki",
	title = "A Thousand Ways to Pack the Bin - A Practical Approach to Two-Dimensional Rectangle Bin Packing",
	year = "2010"
}

@misc{first-fit,
	author = "Matt Perdeck",
	title = "Fast Optimizing Rectangle Packing Algorithm for Building CSS Sprites",
	year = "2011"
}

@misc{tilings,
	author = "Federico Ardila, Richard P. Stanley",
	title = "Tilings"
}

@misc{knolling,
	author = "Laura Worrick",
	title = "The Art of Knolling",
	year = "2015"
}
